<?xml version="1.0" encoding="UTF-8"?>
<collection xmlns:xsi="http://www.w3.org/2001/XMLSchema-instance" xsi:schemaLocation="http://www.loc.gov/MARC21/slim http://www.loc.gov/standards/marcxml/schema/MARC21slim.xsd" xmlns="http://www.loc.gov/MARC21/slim">
<record>
  <leader>00918cam a2200253Ia 4500</leader>
  <controlfield tag="001">5346132</controlfield>
  <controlfield tag="003">NNC</controlfield>
  <controlfield tag="005">20130501150615.0</controlfield>
  <controlfield tag="008">840322s1952    ua            000 0 araod</controlfield>
  <datafield tag="035" ind1=" " ind2=" ">
    <subfield code="a">(OCoLC)ocm10552363</subfield>
  </datafield>
  <datafield tag="035" ind1=" " ind2=" ">
    <subfield code="a">(NNC)5346132</subfield>
  </datafield>
  <datafield tag="040" ind1=" " ind2=" ">
    <subfield code="a">IXA</subfield>
    <subfield code="c">IXA</subfield>
    <subfield code="d">ZCU</subfield>
  </datafield>
  <datafield tag="099" ind1=" " ind2=" ">
    <subfield code="a">893.78</subfield>
    <subfield code="a">D35 v.7</subfield>
  </datafield>
  <datafield tag="100" ind1="1" ind2=" ">
    <subfield code="a">Jumaḥī, Muḥammad ibn Sallām,</subfield>
    <subfield code="d">-845?</subfield>
  </datafield>
  <datafield tag="245" ind1="1" ind2="0">
    <subfield code="a">Tabaqāt fuḥūl al-shuʻarāʾ /</subfield>
    <subfield code="c">taʾlīf Muḥammad ibn Sallām al-Jumaḥī ; sharahahu Maḥmūd Muḥammad Shākir.</subfield>
  </datafield>
  <datafield tag="260" ind1=" " ind2=" ">
    <subfield code="a">[al-Qāhirah?] :</subfield>
    <subfield code="b">Dār al-Maʻārif lil-Ṭibāʻah wa-al-Nashr,</subfield>
    <subfield code="c">[1952]</subfield>
  </datafield>
  <datafield tag="300" ind1=" " ind2=" ">
    <subfield code="a">719 p. ;</subfield>
    <subfield code="c">25 cm.</subfield>
  </datafield>
  <datafield tag="490" ind1="1" ind2=" ">
    <subfield code="a">Dhakhāʾir al-ʻArab ;</subfield>
    <subfield code="v">7</subfield>
  </datafield>
  <datafield tag="504" ind1=" " ind2=" ">
    <subfield code="a">Includes bibliographical references and indexes.</subfield>
  </datafield>
  <datafield tag="650" ind1=" " ind2="0">
    <subfield code="a">Poets, Arab.</subfield>
  </datafield>
  <datafield tag="650" ind1=" " ind2="0">
    <subfield code="a">Arabic poetry</subfield>
    <subfield code="x">History and criticism.</subfield>
  </datafield>
  <datafield tag="700" ind1="1" ind2=" ">
    <subfield code="a">Shākir, Maḥmūd Muḥammad.</subfield>
  </datafield>
  <datafield tag="830" ind1=" " ind2="0">
    <subfield code="a">Dhakhāʼir al-ʻArab ;</subfield>
    <subfield code="v">7.</subfield>
  </datafield>
  <datafield tag="955" ind1=" " ind2=" ">
    <subfield code="b">0315334856</subfield>
    <subfield code="d">glx</subfield>
    <subfield code="e">893.78 D35 v.7</subfield>
    <subfield code="v">v.7</subfield>
  </datafield>
</record>
</collection>